<?xml version="1.0" encoding="UTF-8"?><collection xmlns="http://www.loc.gov/MARC21/slim"><record><leader>00379nam--2200121-i-4500</leader><controlfield tag="001">000018223</controlfield><controlfield tag="002">20161230</controlfield><controlfield tag="005">20161230201032</controlfield><controlfield tag="008">060222s1000------------r-----000-0-eng-d</controlfield><datafield ind1=" " ind2=" " tag="100"><subfield code="a">Ferreira E. P., Roederer, J. G</subfield></datafield><datafield ind1=" " ind2=" " tag="245"><subfield code="a">A method for the estimation of fast neutron fluxes and energy spectra</subfield></datafield><datafield ind1=" " ind2=" " tag="260"><subfield code="a">/Buenos Aires/ Comision Nacional De La Energia Atomica. 4 P</subfield></datafield><datafield ind1=" " ind2=" " tag="852"><subfield code="a">5578</subfield></datafield></record></collection>